<?xml version="1.0" encoding="UTF-8"?>
<record xmlns="http://www.loc.gov/MARC21/slim" xmlns:xsi="http://www.w3.org/2001/XMLSchema-instance" xsi:schemaLocation="http://www.loc.gov/MARC21/slim http://www.loc.gov/standards/marcxml/schema/MARC21slim.xsd">
<leader>     nam a22003011a 4500</leader>
<controlfield tag="001">001684809</controlfield>
<controlfield tag="003">NNU</controlfield>
<controlfield tag="005">20061010173243.0</controlfield>
<controlfield tag="008">930513s1933    ir            001 0bara d</controlfield>
<datafield tag="035" ind1="9" ind2=" ">
<subfield code="a">NYUb12228245</subfield>
</datafield>
<datafield tag="035" ind1=" " ind2=" ">
<subfield code="a">(NNU)NYUb12228245</subfield>
</datafield>
<datafield tag="040" ind1=" " ind2=" ">
<subfield code="a">NIC</subfield>
<subfield code="c">NIC</subfield>
<subfield code="d">UPvMLC</subfield>
</datafield>
<datafield tag="066" ind1=" " ind2=" ">
<subfield code="c">(3</subfield>
</datafield>
<datafield tag="090" ind1=" " ind2=" ">
<subfield code="a">DS325.I6</subfield>
<subfield code="b">M8</subfield>
</datafield>
<datafield tag="100" ind1="1" ind2=" ">
<subfield code="a">Māfarrūkhī, Mufaḍḍal ibn Saʻd ibn Ḥusayn,</subfield>
<subfield code="d">fl. 1030.</subfield>
</datafield>
<datafield tag="245" ind1="1" ind2="0">
<subfield code="6">880-01</subfield>
<subfield code="a">Kitāb maḥāsin Iṣfahān /</subfield>
<subfield code="c">taʼlīf Mufaḍḍal ibn Saʻd ibn Ḥusayn al-Māfarrūkhī al-Iṣfahānī. Risālat al-irshād fī aḥwāl al-ṣāḥib ibn ʻAbbād / li-Abī al-Qāsim Aḥmad ibn Muḥammad al-Ḥasanī al-Ḥusaynī al-Qūbāʼī al-Iṣfahānī.</subfield>
</datafield>
<datafield tag="260" ind1=" " ind2=" ">
<subfield code="6">880-02</subfield>
<subfield code="a">[S.l. :</subfield>
<subfield code="b">s.n],</subfield>
<subfield code="c">1933</subfield>
<subfield code="e">(Tehrān :</subfield>
<subfield code="f">Maṭbaʻat Majlis)</subfield>
</datafield>
<datafield tag="300" ind1=" " ind2=" ">
<subfield code="a">141, 56 p. ;</subfield>
<subfield code="c">22 cm.</subfield>
</datafield>
<datafield tag="500" ind1=" " ind2=" ">
<subfield code="a">Titles on p. [4] of cover: Ketabe mahassene Isphahan ... Ressalat-ol-Arshad in the history of Sahib ibn Abbad.</subfield>
</datafield>
<datafield tag="500" ind1=" " ind2=" ">
<subfield code="a">Includes indexes.</subfield>
</datafield>
<datafield tag="600" ind1="1" ind2="0">
<subfield code="a">Ṣāḥib al-Ṭālqānī, Abū al-Qāsim Ismāʻīl ibn ʻAbbād,</subfield>
<subfield code="d">936-995.</subfield>
</datafield>
<datafield tag="651" ind1=" " ind2="0">
<subfield code="a">Iṣfahān (Iran)</subfield>
<subfield code="v">Biography.</subfield>
</datafield>
<datafield tag="740" ind1="0" ind2=" ">
<subfield code="a">Maḥāsin Iṣfahān.</subfield>
</datafield>
<datafield tag="740" ind1="0" ind2=" ">
<subfield code="a">Ketabe mahassene Isphahan.</subfield>
</datafield>
<datafield tag="740" ind1="0" ind2=" ">
<subfield code="a">Ressalat-ol-Arshad in the history of Sahib ibn Abbad.</subfield>
</datafield>
<datafield tag="700" ind1="1" ind2=" ">
<subfield code="a">Qūbāʼī al-Isfahānī, Abū al-Qāsim Aḥmad ibn Muḥammad.</subfield>
<subfield code="t">Risālat al-Irshād fī aḥwāl al-ṣāḥib al-kāfī Ismāʻīl ibn ʻAbbād.</subfield>
</datafield>
<datafield tag="880" ind1="1" ind2="0">
<subfield code="6">245-01/</subfield>
<subfield code="a">كتاب محاسن اصصفهان /</subfield>
<subfield code="c">تأليف مفضل بن سعد بن حسين العافروخى الاصفهاني.</subfield>
</datafield>
<datafield tag="880" ind1=" " ind2=" ">
<subfield code="6">260-02/</subfield>
<subfield code="a">التهرانى,</subfield>
<subfield code="c">١٩٣٣.</subfield>
</datafield>
<datafield tag="OWN" ind1=" " ind2=" ">
<subfield code="a">GENERAL</subfield>
</datafield>
<datafield tag="998" ind1=" " ind2=" ">
<subfield code="a">20010429</subfield>
<subfield code="d">20010429</subfield>
<subfield code="d">20010429</subfield>
<subfield code="n">NNU</subfield>
<subfield code="s">6</subfield>
<subfield code="t">c</subfield>
<subfield code="z">p</subfield>
</datafield>
<datafield tag="AVA" ind1=" " ind2=" ">
<subfield code="a">NYU50</subfield>
<subfield code="b">BOBST</subfield>
<subfield code="c">Main Collection</subfield>
<subfield code="d">DS325.I6 M8</subfield>
<subfield code="e">unavailable</subfield>
<subfield code="t">Unavailable</subfield>
<subfield code="f">1</subfield>
<subfield code="g">1</subfield>
<subfield code="h">N</subfield>
<subfield code="i">1</subfield>
<subfield code="j">MAIN</subfield>
<subfield code="k">0</subfield>
</datafield>
</record>
